<?xml version="1.0" encoding="UTF-8"?><collection xmlns="http://www.loc.gov/MARC21/slim"><record><leader>00517nam--2200193-u-4500</leader><controlfield tag="001">000056568</controlfield><controlfield tag="002">20161230</controlfield><controlfield tag="005">20161230201052</controlfield><controlfield tag="008">160114s1000------------r-----000-0-eng-d</controlfield><datafield ind1=" " ind2=" " tag="040"><subfield code="a">IFIN-HH</subfield></datafield><datafield ind1=" " ind2=" " tag="080"><subfield code="a">535.14:621.375.826</subfield></datafield><datafield ind1="1" ind2=" " tag="100"><subfield code="a">Scully, Marlan O</subfield></datafield><datafield ind1="1" ind2="0" tag="245"><subfield code="a">Quantum Optics</subfield><subfield code="c">Marlan O. Scully, m. Suhail Zubairy</subfield></datafield><datafield ind1=" " ind2=" " tag="250"><subfield code="a">Reprinted</subfield></datafield><datafield ind1=" " ind2=" " tag="260"><subfield code="a">Cambridge</subfield><subfield code="b">Cambridge University Press</subfield><subfield code="c">2002</subfield></datafield><datafield ind1=" " ind2=" " tag="300"><subfield code="a">xxi+630p</subfield></datafield><datafield ind1="1" ind2=" " tag="700"><subfield code="a">Zubairy, Suhail</subfield></datafield><datafield ind1=" " ind2=" " tag="852"><subfield code="a">81712</subfield><subfield code="c">535</subfield></datafield><datafield ind1=" " ind2=" " tag="CAT"><subfield code="a">Sys</subfield><subfield code="c">20160114</subfield><subfield code="h">143550</subfield></datafield></record></collection>